@online{kalimati,
    title     = "Leading Market For Vegetables and Fruits in Nepal",
    url       = "http://kalimatimarket.com.np/home/language/EN",
    urldate   ={2016-05-15}  
}
@online{sclearn,
    title     = "scikit-learn:machine learning in python",
    url       = "http://scikit-learn.org/stable/",
    urldate   ={2016-05-15}  
}
@online{django,
    title     = "Django: The Web framework for perfectionists with deadline",
    url       = "https://www.djangoproject.com/",
    urldate   ={2016-05-15}  
}
@online{javascript,
    title     = "JavaScript Tutorial",
    url       = "http://www.tutorialspoint.com/javascript/ ",
    urldate   ={2016-05-15}  
}
@online{python,
    title       = "Python (programming language)",
    url     = "https://en.wikipedia.org/wiki/Python_%28programming_language%29",
    urldate   ={2016-05-15}  
}
@online{html,
    title       = "HTML \& CSS - W3C",
    url     = "https://www.w3.org/standards/webdesign/htmlcss.html",
    urldate   ={2016-05-15}  
}
@online{android,
    title       = "Android Studio Overview",
    url     = "https://developer.android.com/too;s/studio/index.html",
    urldate   ={2015-12-01}  
}
@online{java,
	title	 ="Java Definition",
	url		="http://searchsoa.techtarget.com/definition/Java",
	urldate	={2015-12-01}

}